<?xml version="1.0" encoding="UTF-8"?>
<record xmlns="http://www.loc.gov/MARC21/slim" xmlns:xsi="http://www.w3.org/2001/XMLSchema-instance" xsi:schemaLocation="http://www.loc.gov/MARC21/slim http://www.loc.gov/standards/marcxml/schema/MARC21slim.xsd">
<leader>00000cam a22      a 4500</leader>
<controlfield tag="001">001679359</controlfield>
<controlfield tag="003">NNU</controlfield>
<controlfield tag="005">20151009163554.0</controlfield>
<controlfield tag="008">820105s1963    ir ab    b   f000 0 ara</controlfield>
<datafield tag="010" ind1=" " ind2=" ">
<subfield code="a">ne 65000665</subfield>
</datafield>
<datafield tag="035" ind1=" " ind2=" ">
<subfield code="a">(OCoLC)8039686</subfield>
</datafield>
<datafield tag="040" ind1=" " ind2=" ">
<subfield code="a">DLC</subfield>
<subfield code="b">eng</subfield>
<subfield code="c">WAU</subfield>
<subfield code="d">OCLCF</subfield>
<subfield code="d">OCLCQ</subfield>
<subfield code="d">OCLCO</subfield>
<subfield code="d">NNU</subfield>
</datafield>
<datafield tag="043" ind1=" " ind2=" ">
<subfield code="a">f-ae---</subfield>
</datafield>
<datafield tag="050" ind1=" " ind2="4">
<subfield code="a">HD9577.A42</subfield>
<subfield code="b">S2 1963</subfield>
</datafield>
<datafield tag="100" ind1="1" ind2=" ">
<subfield code="6">880-01</subfield>
<subfield code="a">Ṣābir, Muḥammad.</subfield>
</datafield>
<datafield tag="245" ind1="1" ind2="3">
<subfield code="6">880-02</subfield>
<subfield code="a">al-Nafṭ fī al-Jazāi̕r :</subfield>
<subfield code="b">taṭawwuruh wa-mashākiluh /</subfield>
<subfield code="c">Ḥarrarah Muḥammad Ṣābir.</subfield>
</datafield>
<datafield tag="260" ind1=" " ind2=" ">
<subfield code="6">880-03</subfield>
<subfield code="a">[Dimashq] :</subfield>
<subfield code="b">[Wizārat al-Thaqāfah wa-al-Irshād al-Qawmī, Mudīrīyat al-Tal̕īf wa-al-Tarjamah],</subfield>
<subfield code="c">[1963]</subfield>
</datafield>
<datafield tag="300" ind1=" " ind2=" ">
<subfield code="a">254 pages :</subfield>
<subfield code="b">illustrations, folded map ;</subfield>
<subfield code="c">24 cm.</subfield>
</datafield>
<datafield tag="336" ind1=" " ind2=" ">
<subfield code="a">text</subfield>
<subfield code="b">txt</subfield>
<subfield code="2">rdacontent</subfield>
</datafield>
<datafield tag="337" ind1=" " ind2=" ">
<subfield code="a">unmediated</subfield>
<subfield code="b">n</subfield>
<subfield code="2">rdamedia</subfield>
</datafield>
<datafield tag="338" ind1=" " ind2=" ">
<subfield code="a">volume</subfield>
<subfield code="b">nc</subfield>
<subfield code="2">rdacarrier</subfield>
</datafield>
<datafield tag="490" ind1="1" ind2=" ">
<subfield code="6">880-04</subfield>
<subfield code="a">Silsilat tabsīṭ al-ʻulūm,</subfield>
<subfield code="v">5</subfield>
</datafield>
<datafield tag="500" ind1=" " ind2=" ">
<subfield code="a">Silsilat al-thaqāfah al-shaʻbīyah.</subfield>
</datafield>
<datafield tag="504" ind1=" " ind2=" ">
<subfield code="a">Includes bibliographical references (pages 237-243).</subfield>
</datafield>
<datafield tag="650" ind1=" " ind2="0">
<subfield code="a">Petroleum industry and trade</subfield>
<subfield code="z">Algeria.</subfield>
</datafield>
<datafield tag="650" ind1=" " ind2="7">
<subfield code="a">Petroleum industry and trade.</subfield>
<subfield code="2">fast</subfield>
<subfield code="0">(OCoLC)fst01059546</subfield>
</datafield>
<datafield tag="651" ind1=" " ind2="7">
<subfield code="a">Algeria.</subfield>
<subfield code="2">fast</subfield>
<subfield code="0">(OCoLC)fst01205459</subfield>
</datafield>
<datafield tag="880" ind1="1" ind2=" ">
<subfield code="6">100-01/</subfield>
<subfield code="a">صابر، محمد.</subfield>
</datafield>
<datafield tag="880" ind1="1" ind2="2">
<subfield code="6">245-02/</subfield>
<subfield code="a">النفط في الجزائر :</subfield>
<subfield code="b">تطوره ومشاكله /</subfield>
<subfield code="c">حرره محمد صابر.</subfield>
</datafield>
<datafield tag="880" ind1=" " ind2=" ">
<subfield code="6">260-03/</subfield>
<subfield code="a">[دمشق] :</subfield>
<subfield code="b">[وزارة الثقافة والارشاد القومي، مديرية التأليف والترجمة]،</subfield>
<subfield code="c">[1963]</subfield>
</datafield>
<datafield tag="880" ind1="1" ind2=" ">
<subfield code="6">490-04/</subfield>
<subfield code="a">سلسلة تبسيط العلوم ؛</subfield>
<subfield code="v">5</subfield>
</datafield>
<datafield tag="830" ind1=" " ind2="0">
<subfield code="6">880-05</subfield>
<subfield code="a">Silsilat tabsīṭ al-ʻulūm, ;</subfield>
<subfield code="v">5</subfield>
</datafield>
<datafield tag="880" ind1=" " ind2="0">
<subfield code="6">830-05/</subfield>
<subfield code="a">سلسلة تبسيط العلوم، ;</subfield>
<subfield code="v">5</subfield>
</datafield>
<datafield tag="OWN" ind1=" " ind2=" ">
<subfield code="a">GENERAL</subfield>
</datafield>
<datafield tag="AVA" ind1=" " ind2=" ">
<subfield code="a">NYU50</subfield>
<subfield code="b">BOBST</subfield>
<subfield code="c">Main Collection</subfield>
<subfield code="d">HD9577.A42 S2</subfield>
<subfield code="e">unavailable</subfield>
<subfield code="t">Unavailable</subfield>
<subfield code="f">1</subfield>
<subfield code="g">1</subfield>
<subfield code="h">N</subfield>
<subfield code="i">0</subfield>
<subfield code="j">MAIN</subfield>
<subfield code="k">0</subfield>
</datafield>
</record>
